[gd_scene load_steps=36 format=2]

[ext_resource path="res://Scripts/Game.gd" type="Script" id=1]
[ext_resource path="res://Scripts/VisibleTiles.gd" type="Script" id=2]
[ext_resource path="res://Assets/Tilemap/Cave/cave_terrain.tres" type="TileSet" id=3]
[ext_resource path="res://Assets/Tilemap/Cave/cave_objects.tres" type="TileSet" id=4]
[ext_resource path="res://Player.tscn" type="PackedScene" id=5]
[ext_resource path="res://hypotheses/Hypotheses.gd" type="Script" id=6]
[ext_resource path="res://barre/Barre.tscn" type="PackedScene" id=7]
[ext_resource path="res://Assets/font/old_pixel-7.ttf" type="DynamicFontData" id=8]
[ext_resource path="res://Assets/Ancient Ruins - Loopable.ogg" type="AudioStream" id=9]
[ext_resource path="res://Assets/font/font.tres" type="DynamicFont" id=10]
[ext_resource path="res://Scripts/EndGameScreen.gd" type="Script" id=11]
[ext_resource path="res://Assets/minimap/parcho_map.png" type="Texture" id=12]
[ext_resource path="res://Assets/Tilemap/Cave/grid.png" type="Texture" id=13]
[ext_resource path="res://Assets/menu/torch.png" type="Texture" id=14]
[ext_resource path="res://Assets/menu/hourglass.png" type="Texture" id=15]
[ext_resource path="res://Scripts/Items.gd" type="Script" id=16]
[ext_resource path="res://Assets/menu/back.png" type="Texture" id=18]
[ext_resource path="res://Assets/menu/button.png" type="Texture" id=19]
[ext_resource path="res://Assets/menu/button_clicked.png" type="Texture" id=20]
[ext_resource path="res://Assets/Tilemap/Cave/beartrap_cropped.png" type="Texture" id=21]
[ext_resource path="res://Assets/Tilemap/Cave/trap_object_cropped.png" type="Texture" id=22]
[ext_resource path="res://Assets/Tilemap/Cave/chest_cropped.png" type="Texture" id=23]
[ext_resource path="res://Assets/Tilemap/Cave/gate.png" type="Texture" id=24]
[ext_resource path="res://Assets/sounds/bag.wav" type="AudioStream" id=25]
[ext_resource path="res://Assets/sounds/torch.wav" type="AudioStream" id=26]
[ext_resource path="res://Assets/sounds/note.wav" type="AudioStream" id=27]
[ext_resource path="res://Assets/sounds/hour2.wav" type="AudioStream" id=28]
[ext_resource path="res://Assets/white_square.png" type="Texture" id=29]

[sub_resource type="TileSet" id=1]
0/name = "grid.png 0"
0/texture = ExtResource( 13 )
0/tex_offset = Vector2( 0, 0 )
0/modulate = Color( 1, 1, 1, 1 )
0/region = Rect2( 0, 0, 64, 32 )
0/tile_mode = 0
0/occluder_offset = Vector2( 0, 0 )
0/navigation_offset = Vector2( 0, 0 )
0/shapes = [  ]
0/z_index = 0

[sub_resource type="DynamicFont" id=2]
size = 40
outline_color = Color( 0, 0, 0, 1 )
use_filter = true
font_data = ExtResource( 8 )

[sub_resource type="DynamicFont" id=3]
size = 20
font_data = ExtResource( 8 )

[sub_resource type="Animation" id=4]
resource_name = "AddTime"
tracks/0/type = "value"
tracks/0/path = NodePath("AddTime:modulate")
tracks/0/interp = 1
tracks/0/loop_wrap = true
tracks/0/imported = false
tracks/0/enabled = true
tracks/0/keys = {
"times": PoolRealArray( 0, 0.5, 1 ),
"transitions": PoolRealArray( 1, 1, 1 ),
"update": 0,
"values": [ Color( 1, 1, 1, 1 ), Color( 1, 1, 1, 1 ), Color( 1, 1, 1, 0 ) ]
}
tracks/1/type = "value"
tracks/1/path = NodePath("AddTime:visible")
tracks/1/interp = 1
tracks/1/loop_wrap = true
tracks/1/imported = false
tracks/1/enabled = true
tracks/1/keys = {
"times": PoolRealArray( 0, 1 ),
"transitions": PoolRealArray( 1, 1 ),
"update": 1,
"values": [ true, false ]
}

[sub_resource type="Animation" id=5]
length = 7.6
tracks/0/type = "value"
tracks/0/path = NodePath("Control/VBoxContainer/VBoxContainer3/VBoxContainer/LabelTraps/TextureRect:visible")
tracks/0/interp = 1
tracks/0/loop_wrap = true
tracks/0/imported = false
tracks/0/enabled = true
tracks/0/keys = {
"times": PoolRealArray( 0, 0.3 ),
"transitions": PoolRealArray( 1, 1 ),
"update": 1,
"values": [ false, true ]
}
tracks/1/type = "value"
tracks/1/path = NodePath("Control/VBoxContainer/VBoxContainer3/VBoxContainer/LabelTraps/Score:percent_visible")
tracks/1/interp = 1
tracks/1/loop_wrap = true
tracks/1/imported = false
tracks/1/enabled = true
tracks/1/keys = {
"times": PoolRealArray( 0, 0.6, 1 ),
"transitions": PoolRealArray( 1, 1, 1 ),
"update": 0,
"values": [ 0.0, 0.0, 1.0 ]
}
tracks/2/type = "value"
tracks/2/path = NodePath("Control/VBoxContainer/VBoxContainer3/VBoxContainer/LabelTraps/Gold:visible")
tracks/2/interp = 1
tracks/2/loop_wrap = true
tracks/2/imported = false
tracks/2/enabled = true
tracks/2/keys = {
"times": PoolRealArray( 0, 1.3 ),
"transitions": PoolRealArray( 1, 1 ),
"update": 1,
"values": [ false, true ]
}
tracks/3/type = "value"
tracks/3/path = NodePath("Control/VBoxContainer/VBoxContainer3/VBoxContainer/LabelBearTrap/TextureRect:visible")
tracks/3/interp = 1
tracks/3/loop_wrap = true
tracks/3/imported = false
tracks/3/enabled = true
tracks/3/keys = {
"times": PoolRealArray( 0, 1.6 ),
"transitions": PoolRealArray( 1, 1 ),
"update": 1,
"values": [ false, true ]
}
tracks/4/type = "value"
tracks/4/path = NodePath("Control/VBoxContainer/VBoxContainer3/VBoxContainer/LabelBearTrap/Score:percent_visible")
tracks/4/interp = 1
tracks/4/loop_wrap = true
tracks/4/imported = false
tracks/4/enabled = true
tracks/4/keys = {
"times": PoolRealArray( 0, 1.9, 2.3 ),
"transitions": PoolRealArray( 1, 1, 1 ),
"update": 0,
"values": [ 0.0, 0.0, 1.0 ]
}
tracks/5/type = "value"
tracks/5/path = NodePath("Control/VBoxContainer/VBoxContainer3/VBoxContainer/LabelBearTrap/Gold:visible")
tracks/5/interp = 1
tracks/5/loop_wrap = true
tracks/5/imported = false
tracks/5/enabled = true
tracks/5/keys = {
"times": PoolRealArray( 0, 2.6 ),
"transitions": PoolRealArray( 1, 1 ),
"update": 1,
"values": [ false, true ]
}
tracks/6/type = "value"
tracks/6/path = NodePath("Control/VBoxContainer/VBoxContainer3/VBoxContainer2/LabelChess/TextureRect:visible")
tracks/6/interp = 1
tracks/6/loop_wrap = true
tracks/6/imported = false
tracks/6/enabled = true
tracks/6/keys = {
"times": PoolRealArray( 0, 2.9 ),
"transitions": PoolRealArray( 1, 1 ),
"update": 1,
"values": [ false, true ]
}
tracks/7/type = "value"
tracks/7/path = NodePath("Control/VBoxContainer/VBoxContainer3/VBoxContainer2/LabelChess/Score:percent_visible")
tracks/7/interp = 1
tracks/7/loop_wrap = true
tracks/7/imported = false
tracks/7/enabled = true
tracks/7/keys = {
"times": PoolRealArray( 0, 3.2, 3.6 ),
"transitions": PoolRealArray( 1, 1, 1 ),
"update": 0,
"values": [ 0.0, 0.0, 1.0 ]
}
tracks/8/type = "value"
tracks/8/path = NodePath("Control/VBoxContainer/VBoxContainer3/VBoxContainer2/LabelChess/Gold:visible")
tracks/8/interp = 1
tracks/8/loop_wrap = true
tracks/8/imported = false
tracks/8/enabled = true
tracks/8/keys = {
"times": PoolRealArray( 0, 3.9 ),
"transitions": PoolRealArray( 1, 1 ),
"update": 1,
"values": [ false, true ]
}
tracks/9/type = "value"
tracks/9/path = NodePath("Control/VBoxContainer/VBoxContainer3/VBoxContainer2/LabelGate/TextureRect:visible")
tracks/9/interp = 1
tracks/9/loop_wrap = true
tracks/9/imported = false
tracks/9/enabled = true
tracks/9/keys = {
"times": PoolRealArray( 0, 4.2 ),
"transitions": PoolRealArray( 1, 1 ),
"update": 1,
"values": [ false, true ]
}
tracks/10/type = "value"
tracks/10/path = NodePath("Control/VBoxContainer/VBoxContainer3/VBoxContainer2/LabelGate/Score:percent_visible")
tracks/10/interp = 1
tracks/10/loop_wrap = true
tracks/10/imported = false
tracks/10/enabled = true
tracks/10/keys = {
"times": PoolRealArray( 0, 4.5, 4.9 ),
"transitions": PoolRealArray( 1, 1, 1 ),
"update": 0,
"values": [ 0.0, 0.0, 1.0 ]
}
tracks/11/type = "value"
tracks/11/path = NodePath("Control/VBoxContainer/VBoxContainer3/VBoxContainer2/LabelGate/Gold:visible")
tracks/11/interp = 1
tracks/11/loop_wrap = true
tracks/11/imported = false
tracks/11/enabled = true
tracks/11/keys = {
"times": PoolRealArray( 0, 5.2 ),
"transitions": PoolRealArray( 1, 1 ),
"update": 1,
"values": [ false, true ]
}
tracks/12/type = "value"
tracks/12/path = NodePath("Control/VBoxContainer/LabelGold/Total:percent_visible")
tracks/12/interp = 1
tracks/12/loop_wrap = true
tracks/12/imported = false
tracks/12/enabled = true
tracks/12/keys = {
"times": PoolRealArray( 0, 5.5, 5.8 ),
"transitions": PoolRealArray( 1, 1, 1 ),
"update": 0,
"values": [ 0.0, 0.0, 1.0 ]
}
tracks/13/type = "value"
tracks/13/path = NodePath("Control/VBoxContainer/LabelGold/Gold:visible")
tracks/13/interp = 1
tracks/13/loop_wrap = true
tracks/13/imported = false
tracks/13/enabled = true
tracks/13/keys = {
"times": PoolRealArray( 0, 6.1 ),
"transitions": PoolRealArray( 1, 1 ),
"update": 1,
"values": [ false, true ]
}
tracks/14/type = "value"
tracks/14/path = NodePath("Control/VBoxContainer/LabelRank/Label:percent_visible")
tracks/14/interp = 1
tracks/14/loop_wrap = true
tracks/14/imported = false
tracks/14/enabled = true
tracks/14/keys = {
"times": PoolRealArray( 0, 7, 7.3 ),
"transitions": PoolRealArray( 1, 1, 1 ),
"update": 0,
"values": [ 0.0, 0.0, 1.0 ]
}
tracks/15/type = "value"
tracks/15/path = NodePath("Control/VBoxContainer/LabelRank/Rank:visible")
tracks/15/interp = 1
tracks/15/loop_wrap = true
tracks/15/imported = false
tracks/15/enabled = true
tracks/15/keys = {
"times": PoolRealArray( 0, 7.6 ),
"transitions": PoolRealArray( 1, 1 ),
"update": 1,
"values": [ false, true ]
}
tracks/16/type = "value"
tracks/16/path = NodePath("Control/VBoxContainer/LabelGold/Errors:visible")
tracks/16/interp = 1
tracks/16/loop_wrap = true
tracks/16/imported = false
tracks/16/enabled = true
tracks/16/keys = {
"times": PoolRealArray( 0, 6.4 ),
"transitions": PoolRealArray( 1, 1 ),
"update": 1,
"values": [ false, true ]
}
tracks/17/type = "value"
tracks/17/path = NodePath("Control/VBoxContainer/LabelGold/TotalGold:visible")
tracks/17/interp = 1
tracks/17/loop_wrap = true
tracks/17/imported = false
tracks/17/enabled = true
tracks/17/keys = {
"times": PoolRealArray( 0, 6.7 ),
"transitions": PoolRealArray( 1, 1 ),
"update": 1,
"values": [ false, true ]
}

[sub_resource type="DynamicFont" id=6]
size = 50
outline_size = 2
outline_color = Color( 0, 0, 0, 1 )
use_filter = true
font_data = ExtResource( 8 )

[sub_resource type="Animation" id=7]
length = 0.5
tracks/0/type = "value"
tracks/0/path = NodePath("fade:modulate")
tracks/0/interp = 1
tracks/0/loop_wrap = true
tracks/0/imported = false
tracks/0/enabled = true
tracks/0/keys = {
"times": PoolRealArray( 0, 0.5 ),
"transitions": PoolRealArray( 1, 1 ),
"update": 0,
"values": [ Color( 0.0196078, 0.0392157, 0.0941176, 1 ), Color( 0.0196078, 0.0392157, 0.0941176, 0 ) ]
}

[node name="Game" type="Node2D"]
script = ExtResource( 1 )

[node name="fade" type="Sprite" parent="."]
visible = false
modulate = Color( 0.0196078, 0.0392157, 0.0941176, 1 )
position = Vector2( 349.223, 12.0422 )
scale = Vector2( 47.2531, 32.042 )
z_index = 100
texture = ExtResource( 29 )

[node name="PlateauDeplacement" type="Node2D" parent="."]
scale = Vector2( 2, 2 )

[node name="VisibleTiles" type="Node2D" parent="PlateauDeplacement"]
modulate = Color( 0.784314, 0.784314, 0.784314, 1 )
script = ExtResource( 2 )

[node name="BackGround" type="TileMap" parent="PlateauDeplacement/VisibleTiles"]
mode = 1
tile_set = ExtResource( 3 )
cell_size = Vector2( 64, 30 )
cell_y_sort = true
format = 1

[node name="YSort" type="YSort" parent="PlateauDeplacement/VisibleTiles"]
z_index = 1

[node name="Player" parent="PlateauDeplacement/VisibleTiles/YSort" instance=ExtResource( 5 )]
scale = Vector2( 0.8, 0.8 )

[node name="Objects" type="TileMap" parent="PlateauDeplacement/VisibleTiles/YSort"]
mode = 1
tile_set = ExtResource( 4 )
cell_size = Vector2( 64, 30 )
cell_y_sort = true
format = 1

[node name="PlateauMap" type="CanvasLayer" parent="."]
layer = -1

[node name="parcho_map" type="Sprite" parent="PlateauMap"]
position = Vector2( 735.129, 294.41 )
z_index = -50
texture = ExtResource( 12 )

[node name="LevelContainer" type="Control" parent="PlateauMap"]
margin_left = 735.129
margin_top = 244.766
margin_right = 735.129
margin_bottom = 244.766
__meta__ = {
"_edit_use_anchors_": false
}

[node name="Grid" type="TileMap" parent="PlateauMap/LevelContainer"]
scale = Vector2( 0.7, 0.7 )
mode = 1
tile_set = SubResource( 1 )
cell_size = Vector2( 64, 30 )
format = 1
tile_data = PoolIntArray( -524293, 0, 0, -524292, 0, 0, -524291, 0, 0, -458760, 0, 0, -458759, 0, 0, -458758, 0, 0, -458757, 0, 0, -458756, 0, 0, -458755, 0, 0, -458754, 0, 0, -458753, 0, 0, -524288, 0, 0, -393225, 0, 0, -393224, 0, 0, -393223, 0, 0, -393222, 0, 0, -393221, 0, 0, -393220, 0, 0, -393219, 0, 0, -393218, 0, 0, -393217, 0, 0, -458752, 0, 0, -458751, 0, 0, -327689, 0, 0, -327688, 0, 0, -327687, 0, 0, -327686, 0, 0, -327685, 0, 0, -327684, 0, 0, -327683, 0, 0, -327682, 0, 0, -327681, 0, 0, -393216, 0, 0, -393215, 0, 0, -393214, 0, 0, -393213, 0, 0, -262153, 0, 0, -262152, 0, 0, -262151, 0, 0, -262150, 0, 0, -262149, 0, 0, -262148, 0, 0, -262147, 0, 0, -262146, 0, 0, -262145, 0, 0, -327680, 0, 0, -327679, 0, 0, -327678, 0, 0, -327677, 0, 0, -327676, 0, 0, -327675, 0, 0, -196617, 0, 0, -196616, 0, 0, -196615, 0, 0, -196614, 0, 0, -196613, 0, 0, -196612, 0, 0, -196611, 0, 0, -196610, 0, 0, -196609, 0, 0, -262144, 0, 0, -262143, 0, 0, -262142, 0, 0, -262141, 0, 0, -262140, 0, 0, -262139, 0, 0, -262138, 0, 0, -131081, 0, 0, -131080, 0, 0, -131079, 0, 0, -131078, 0, 0, -131077, 0, 0, -131076, 0, 0, -131075, 0, 0, -131074, 0, 0, -131073, 0, 0, -196608, 0, 0, -196607, 0, 0, -196606, 0, 0, -196605, 0, 0, -196604, 0, 0, -196603, 0, 0, -196602, 0, 0, -196601, 0, 0, -65545, 0, 0, -65544, 0, 0, -65543, 0, 0, -65542, 0, 0, -65541, 0, 0, -65540, 0, 0, -65539, 0, 0, -65538, 0, 0, -65537, 0, 0, -131072, 0, 0, -131071, 0, 0, -131070, 0, 0, -131069, 0, 0, -131068, 0, 0, -131067, 0, 0, -131066, 0, 0, -131065, 0, 0, -131064, 0, 0, -9, 0, 0, -8, 0, 0, -7, 0, 0, -6, 0, 0, -5, 0, 0, -4, 0, 0, -3, 0, 0, -2, 0, 0, -1, 0, 0, -65536, 0, 0, -65535, 0, 0, -65534, 0, 0, -65533, 0, 0, -65532, 0, 0, -65531, 0, 0, -65530, 0, 0, -65529, 0, 0, -65528, 0, 0, 65528, 0, 0, 65529, 0, 0, 65530, 0, 0, 65531, 0, 0, 65532, 0, 0, 65533, 0, 0, 65534, 0, 0, 65535, 0, 0, 0, 0, 0, 1, 0, 0, 2, 0, 0, 3, 0, 0, 4, 0, 0, 5, 0, 0, 6, 0, 0, 7, 0, 0, 8, 0, 0, 9, 0, 0, 10, 0, 0, 131064, 0, 0, 131065, 0, 0, 131066, 0, 0, 131067, 0, 0, 131068, 0, 0, 131069, 0, 0, 131070, 0, 0, 131071, 0, 0, 65536, 0, 0, 65537, 0, 0, 65538, 0, 0, 65539, 0, 0, 65540, 0, 0, 65541, 0, 0, 65542, 0, 0, 65543, 0, 0, 65544, 0, 0, 65545, 0, 0, 65546, 0, 0, 196601, 0, 0, 196602, 0, 0, 196603, 0, 0, 196604, 0, 0, 196605, 0, 0, 196606, 0, 0, 196607, 0, 0, 131072, 0, 0, 131073, 0, 0, 131074, 0, 0, 131075, 0, 0, 131076, 0, 0, 131077, 0, 0, 131078, 0, 0, 131079, 0, 0, 131080, 0, 0, 131081, 0, 0, 131082, 0, 0, 262138, 0, 0, 262139, 0, 0, 262140, 0, 0, 262141, 0, 0, 262142, 0, 0, 262143, 0, 0, 196608, 0, 0, 196609, 0, 0, 196610, 0, 0, 196611, 0, 0, 196612, 0, 0, 196613, 0, 0, 196614, 0, 0, 196615, 0, 0, 196616, 0, 0, 196617, 0, 0, 196618, 0, 0, 196619, 0, 0, 327675, 0, 0, 327676, 0, 0, 327677, 0, 0, 327678, 0, 0, 327679, 0, 0, 262144, 0, 0, 262145, 0, 0, 262146, 0, 0, 262147, 0, 0, 262148, 0, 0, 262149, 0, 0, 262150, 0, 0, 262151, 0, 0, 262152, 0, 0, 262153, 0, 0, 262154, 0, 0, 262155, 0, 0, 262156, 0, 0, 393212, 0, 0, 393213, 0, 0, 393214, 0, 0, 393215, 0, 0, 327680, 0, 0, 327681, 0, 0, 327682, 0, 0, 327683, 0, 0, 327684, 0, 0, 327685, 0, 0, 327686, 0, 0, 327687, 0, 0, 327688, 0, 0, 327689, 0, 0, 327690, 0, 0, 327691, 0, 0, 327692, 0, 0, 458748, 0, 0, 458749, 0, 0, 458750, 0, 0, 458751, 0, 0, 393216, 0, 0, 393217, 0, 0, 393218, 0, 0, 393219, 0, 0, 393220, 0, 0, 393221, 0, 0, 393222, 0, 0, 393223, 0, 0, 393224, 0, 0, 393225, 0, 0, 393226, 0, 0, 393227, 0, 0, 393228, 0, 0, 524286, 0, 0, 524287, 0, 0, 458752, 0, 0, 458753, 0, 0, 458754, 0, 0, 458755, 0, 0, 458756, 0, 0, 458757, 0, 0, 458758, 0, 0, 458759, 0, 0, 458760, 0, 0, 458761, 0, 0, 458762, 0, 0, 458763, 0, 0, 458764, 0, 0, 524288, 0, 0, 524289, 0, 0, 524290, 0, 0, 524291, 0, 0, 524292, 0, 0, 524293, 0, 0, 524294, 0, 0, 524295, 0, 0, 524296, 0, 0, 524297, 0, 0, 524298, 0, 0, 524299, 0, 0, 589824, 0, 0, 589825, 0, 0, 589826, 0, 0, 589827, 0, 0, 589828, 0, 0, 589829, 0, 0, 589830, 0, 0, 589831, 0, 0, 589832, 0, 0, 589833, 0, 0, 589834, 0, 0, 589835, 0, 0, 655361, 0, 0, 655362, 0, 0, 655363, 0, 0, 655364, 0, 0, 655365, 0, 0, 655366, 0, 0, 655367, 0, 0, 655368, 0, 0, 655369, 0, 0, 655370, 0, 0, 720899, 0, 0, 720900, 0, 0, 720901, 0, 0, 720902, 0, 0, 720903, 0, 0, 720904, 0, 0, 786436, 0, 0, 786437, 0, 0, 786438, 0, 0 )

[node name="Hypotheses" type="TileMap" parent="PlateauMap/LevelContainer"]
scale = Vector2( 0.7, 0.7 )
mode = 1
tile_set = ExtResource( 4 )
cell_size = Vector2( 64, 30 )
format = 1
script = ExtResource( 6 )

[node name="Ghost" type="TileMap" parent="PlateauMap/LevelContainer/Hypotheses"]
self_modulate = Color( 1, 1, 1, 0.666667 )
mode = 1
tile_set = ExtResource( 4 )
cell_size = Vector2( 64, 30 )
format = 1

[node name="NoteSound" type="AudioStreamPlayer" parent="PlateauMap/LevelContainer/Hypotheses"]
stream = ExtResource( 27 )
volume_db = -2.0

[node name="CurrentMap" type="Node2D" parent="PlateauMap/LevelContainer"]

[node name="Barre" parent="PlateauMap" instance=ExtResource( 7 )]
margin_left = 569.219
margin_top = 481.873
margin_right = 609.219
margin_bottom = 521.873

[node name="Label" type="Label" parent="PlateauMap"]
anchor_right = 1.0
anchor_bottom = 1.0
margin_left = 924.385
margin_top = 39.3388
margin_right = -59.6146
margin_bottom = -509.661
custom_fonts/font = ExtResource( 10 )
custom_colors/font_color = Color( 0, 0, 0, 1 )
text = "60"
__meta__ = {
"_edit_use_anchors_": false
}

[node name="EndButton" type="TextureButton" parent="PlateauMap"]
margin_left = 491.42
margin_top = 26.6257
margin_right = 608.42
margin_bottom = 84.6257
texture_normal = ExtResource( 19 )
texture_pressed = ExtResource( 20 )
expand = true
stretch_mode = 5
__meta__ = {
"_edit_use_anchors_": false
}

[node name="Label" type="Label" parent="PlateauMap/EndButton"]
margin_left = 3.0
margin_right = 115.0
margin_bottom = 51.0
custom_fonts/font = ExtResource( 10 )
custom_colors/font_color = Color( 0, 0, 0, 1 )
text = "Done"
align = 1
valign = 1

[node name="Items" type="Control" parent="PlateauMap"]
margin_left = 126.96
margin_top = 542.914
margin_right = 166.96
margin_bottom = 582.914
script = ExtResource( 16 )
__meta__ = {
"_edit_use_anchors_": false
}

[node name="torch" type="TextureButton" parent="PlateauMap/Items"]
margin_left = -29.6986
margin_top = -15.7012
margin_right = 78.3014
margin_bottom = 34.2988
texture_normal = ExtResource( 19 )
texture_pressed = ExtResource( 20 )
expand = true
__meta__ = {
"_edit_use_anchors_": false
}

[node name="Label" type="Label" parent="PlateauMap/Items/torch"]
modulate = Color( 0.937255, 0, 0, 1 )
margin_left = 38.0
margin_top = -35.0
margin_right = 72.0
margin_bottom = 5.0
custom_fonts/font = SubResource( 2 )
text = "00"
align = 1
__meta__ = {
"_edit_use_anchors_": false
}

[node name="nom" type="Label" parent="PlateauMap/Items/torch"]
margin_left = 43.0
margin_top = 13.0
margin_right = 101.0
margin_bottom = 56.0
custom_fonts/font = SubResource( 3 )
text = "Use
"

[node name="TextureRect" type="TextureRect" parent="PlateauMap/Items/torch"]
margin_left = 4.86325
margin_top = 3.78253
margin_right = 44.8633
margin_bottom = 43.7825
texture = ExtResource( 14 )

[node name="clepsydre" type="TextureButton" parent="PlateauMap/Items"]
margin_left = 105.677
margin_top = -15.7012
margin_right = 213.677
margin_bottom = 34.2988
texture_normal = ExtResource( 19 )
texture_pressed = ExtResource( 20 )
expand = true
__meta__ = {
"_edit_use_anchors_": false
}

[node name="nom" type="Label" parent="PlateauMap/Items/clepsydre"]
margin_left = 45.0
margin_top = 13.0
margin_right = 103.0
margin_bottom = 56.0
custom_fonts/font = SubResource( 3 )
text = "Use
"

[node name="TextureRect" type="TextureRect" parent="PlateauMap/Items/clepsydre"]
margin_left = 4.86325
margin_top = 3.78253
margin_right = 44.8633
margin_bottom = 43.7825
texture = ExtResource( 15 )

[node name="BagSound" type="AudioStreamPlayer" parent="PlateauMap/Items"]
stream = ExtResource( 25 )
volume_db = -10.0

[node name="TorchSound" type="AudioStreamPlayer" parent="PlateauMap/Items"]
stream = ExtResource( 26 )

[node name="HourSound" type="AudioStreamPlayer" parent="PlateauMap/Items"]
stream = ExtResource( 28 )

[node name="AnimationPlayer" type="AnimationPlayer" parent="PlateauMap"]
anims/AddTime = SubResource( 4 )

[node name="AddTime" type="Control" parent="PlateauMap"]
visible = false
modulate = Color( 1, 1, 1, 0 )
margin_right = 40.0
margin_bottom = 40.0
__meta__ = {
"_edit_use_anchors_": false
}

[node name="Label2" type="Label" parent="PlateauMap/AddTime"]
anchor_right = 1.0
anchor_bottom = 1.0
margin_left = 912.778
margin_top = 81.4946
margin_right = 928.778
margin_bottom = 92.4946
custom_fonts/font = ExtResource( 10 )
custom_colors/font_color = Color( 0.239216, 0.576471, 0.8, 1 )
text = "+20"
__meta__ = {
"_edit_use_anchors_": false
}

[node name="TextureRect" type="TextureRect" parent="PlateauMap/AddTime"]
margin_left = 877.74
margin_top = 87.3568
margin_right = 917.74
margin_bottom = 127.357
texture = ExtResource( 15 )

[node name="EndGameScreen" type="CanvasLayer" parent="."]
pause_mode = 2
script = ExtResource( 11 )

[node name="AnimationPlayer" type="AnimationPlayer" parent="EndGameScreen"]
anims/LabelTrapsAnim = SubResource( 5 )

[node name="Control" type="Control" parent="EndGameScreen"]
visible = false
margin_right = 40.0
margin_bottom = 40.0
__meta__ = {
"_edit_use_anchors_": false
}

[node name="ColorRect" type="ColorRect" parent="EndGameScreen/Control"]
margin_right = 1024.0
margin_bottom = 600.0
color = Color( 0.164706, 0.164706, 0.164706, 0.784314 )
__meta__ = {
"_edit_use_anchors_": false
}

[node name="back" type="Sprite" parent="EndGameScreen/Control"]
position = Vector2( 515.311, 304.336 )
texture = ExtResource( 18 )

[node name="VBoxContainer" type="VBoxContainer" parent="EndGameScreen/Control"]
margin_left = 57.0
margin_top = 61.0
margin_right = 969.0
margin_bottom = 447.0
custom_constants/separation = 18
alignment = 1
__meta__ = {
"_edit_use_anchors_": false
}

[node name="VBoxContainer3" type="Control" parent="EndGameScreen/Control/VBoxContainer"]
margin_top = 12.0
margin_right = 912.0
margin_bottom = 212.0
rect_min_size = Vector2( 912, 200 )

[node name="VBoxContainer" type="Control" parent="EndGameScreen/Control/VBoxContainer/VBoxContainer3"]
margin_left = 1.0
margin_right = 433.0
margin_bottom = 209.0
__meta__ = {
"_edit_use_anchors_": false
}

[node name="LabelTraps" type="HBoxContainer" parent="EndGameScreen/Control/VBoxContainer/VBoxContainer3/VBoxContainer"]
margin_top = 20.0
margin_right = 432.0
margin_bottom = 89.0

[node name="TextureRect" type="TextureRect" parent="EndGameScreen/Control/VBoxContainer/VBoxContainer3/VBoxContainer/LabelTraps"]
margin_right = 96.0
margin_bottom = 69.0
rect_min_size = Vector2( 96, 69 )
texture = ExtResource( 22 )
expand = true
stretch_mode = 6

[node name="Label" type="Label" parent="EndGameScreen/Control/VBoxContainer/VBoxContainer3/VBoxContainer/LabelTraps"]
margin_left = 100.0
margin_top = 9.0
margin_right = 120.0
margin_bottom = 60.0
custom_fonts/font = ExtResource( 10 )
text = " "

[node name="Score" type="Label" parent="EndGameScreen/Control/VBoxContainer/VBoxContainer3/VBoxContainer/LabelTraps"]
margin_left = 124.0
margin_top = 9.0
margin_right = 179.0
margin_bottom = 60.0
custom_fonts/font = ExtResource( 10 )
custom_colors/font_color = Color( 0, 0, 0, 1 )
text = "0/0"

[node name="Gold" type="Label" parent="EndGameScreen/Control/VBoxContainer/VBoxContainer3/VBoxContainer/LabelTraps"]
margin_left = 183.0
margin_top = 9.0
margin_right = 349.0
margin_bottom = 60.0
custom_fonts/font = ExtResource( 10 )
custom_colors/font_color = Color( 0, 0, 0, 1 )
text = " + 0 Gold"

[node name="LabelBearTrap" type="HBoxContainer" parent="EndGameScreen/Control/VBoxContainer/VBoxContainer3/VBoxContainer"]
margin_top = 93.0
margin_right = 432.0
margin_bottom = 189.0

[node name="TextureRect" type="TextureRect" parent="EndGameScreen/Control/VBoxContainer/VBoxContainer3/VBoxContainer/LabelBearTrap"]
margin_right = 96.0
margin_bottom = 96.0
rect_min_size = Vector2( 96, 96 )
texture = ExtResource( 21 )
expand = true
stretch_mode = 6

[node name="Label" type="Label" parent="EndGameScreen/Control/VBoxContainer/VBoxContainer3/VBoxContainer/LabelBearTrap"]
margin_left = 100.0
margin_top = 22.0
margin_right = 120.0
margin_bottom = 73.0
custom_fonts/font = ExtResource( 10 )
text = " "

[node name="Score" type="Label" parent="EndGameScreen/Control/VBoxContainer/VBoxContainer3/VBoxContainer/LabelBearTrap"]
margin_left = 124.0
margin_top = 22.0
margin_right = 179.0
margin_bottom = 73.0
custom_fonts/font = ExtResource( 10 )
custom_colors/font_color = Color( 0, 0, 0, 1 )
text = "0/0"

[node name="Gold" type="Label" parent="EndGameScreen/Control/VBoxContainer/VBoxContainer3/VBoxContainer/LabelBearTrap"]
margin_left = 183.0
margin_top = 22.0
margin_right = 349.0
margin_bottom = 73.0
custom_fonts/font = ExtResource( 10 )
custom_colors/font_color = Color( 0, 0, 0, 1 )
text = " + 0 Gold"

[node name="VBoxContainer2" type="Control" parent="EndGameScreen/Control/VBoxContainer/VBoxContainer3"]
margin_left = 503.0
margin_right = 911.0
margin_bottom = 209.0
__meta__ = {
"_edit_use_anchors_": false
}

[node name="LabelChess" type="HBoxContainer" parent="EndGameScreen/Control/VBoxContainer/VBoxContainer3/VBoxContainer2"]
margin_right = 408.0
margin_bottom = 96.0

[node name="TextureRect" type="TextureRect" parent="EndGameScreen/Control/VBoxContainer/VBoxContainer3/VBoxContainer2/LabelChess"]
margin_right = 96.0
margin_bottom = 96.0
rect_min_size = Vector2( 96, 96 )
texture = ExtResource( 23 )
expand = true
stretch_mode = 6

[node name="Score" type="Label" parent="EndGameScreen/Control/VBoxContainer/VBoxContainer3/VBoxContainer2/LabelChess"]
margin_left = 100.0
margin_top = 22.0
margin_right = 155.0
margin_bottom = 73.0
custom_fonts/font = ExtResource( 10 )
custom_colors/font_color = Color( 0, 0, 0, 1 )
text = "0/0"

[node name="Gold" type="Label" parent="EndGameScreen/Control/VBoxContainer/VBoxContainer3/VBoxContainer2/LabelChess"]
margin_left = 159.0
margin_top = 22.0
margin_right = 325.0
margin_bottom = 73.0
custom_fonts/font = ExtResource( 10 )
custom_colors/font_color = Color( 0, 0, 0, 1 )
text = " + 0 Gold"

[node name="LabelGate" type="HBoxContainer" parent="EndGameScreen/Control/VBoxContainer/VBoxContainer3/VBoxContainer2"]
margin_top = 100.0
margin_right = 408.0
margin_bottom = 209.0

[node name="TextureRect" type="TextureRect" parent="EndGameScreen/Control/VBoxContainer/VBoxContainer3/VBoxContainer2/LabelGate"]
margin_right = 70.0
margin_bottom = 109.0
rect_min_size = Vector2( 70, 109 )
texture = ExtResource( 24 )
expand = true
stretch_mode = 6

[node name="Label" type="Label" parent="EndGameScreen/Control/VBoxContainer/VBoxContainer3/VBoxContainer2/LabelGate"]
margin_left = 74.0
margin_top = 29.0
margin_right = 94.0
margin_bottom = 80.0
custom_fonts/font = ExtResource( 10 )
text = " "
__meta__ = {
"_edit_use_anchors_": false
}

[node name="Score" type="Label" parent="EndGameScreen/Control/VBoxContainer/VBoxContainer3/VBoxContainer2/LabelGate"]
margin_left = 98.0
margin_top = 29.0
margin_right = 153.0
margin_bottom = 80.0
custom_fonts/font = ExtResource( 10 )
custom_colors/font_color = Color( 0, 0, 0, 1 )
text = "0/0"

[node name="Gold" type="Label" parent="EndGameScreen/Control/VBoxContainer/VBoxContainer3/VBoxContainer2/LabelGate"]
margin_left = 157.0
margin_top = 29.0
margin_right = 323.0
margin_bottom = 80.0
custom_fonts/font = ExtResource( 10 )
custom_colors/font_color = Color( 0, 0, 0, 1 )
text = " + 0 Gold"

[node name="Separator" type="ColorRect" parent="EndGameScreen/Control/VBoxContainer"]
margin_top = 230.0
margin_right = 912.0
margin_bottom = 236.0
rect_min_size = Vector2( 0, 6 )
color = Color( 0, 0, 0, 1 )

[node name="LabelGold" type="HBoxContainer" parent="EndGameScreen/Control/VBoxContainer"]
margin_top = 254.0
margin_right = 912.0
margin_bottom = 305.0

[node name="Total" type="Label" parent="EndGameScreen/Control/VBoxContainer/LabelGold"]
margin_right = 146.0
margin_bottom = 51.0
custom_fonts/font = ExtResource( 10 )
custom_colors/font_color = Color( 0, 0, 0, 1 )
text = "Total : "
__meta__ = {
"_edit_use_anchors_": false
}

[node name="Gold" type="Label" parent="EndGameScreen/Control/VBoxContainer/LabelGold"]
margin_left = 150.0
margin_right = 170.0
margin_bottom = 51.0
custom_fonts/font = ExtResource( 10 )
custom_colors/font_color = Color( 0, 0, 0, 1 )
text = "0"

[node name="Errors" type="Label" parent="EndGameScreen/Control/VBoxContainer/LabelGold"]
margin_left = 174.0
margin_right = 509.0
margin_bottom = 51.0
custom_fonts/font = ExtResource( 10 )
custom_colors/font_color = Color( 0, 0, 0, 1 )
text = " - 0 (0 errors) = "

[node name="TotalGold" type="Label" parent="EndGameScreen/Control/VBoxContainer/LabelGold"]
margin_left = 513.0
margin_right = 623.0
margin_bottom = 51.0
custom_fonts/font = ExtResource( 10 )
custom_colors/font_color = Color( 0, 0, 0, 1 )
text = "0 Gold"

[node name="LabelRank" type="HBoxContainer" parent="EndGameScreen/Control/VBoxContainer"]
margin_top = 323.0
margin_right = 912.0
margin_bottom = 374.0
alignment = 2

[node name="Label" type="Label" parent="EndGameScreen/Control/VBoxContainer/LabelRank"]
margin_left = 785.0
margin_right = 888.0
margin_bottom = 51.0
custom_fonts/font = ExtResource( 10 )
custom_colors/font_color = Color( 0, 0, 0, 1 )
text = "Rank "

[node name="Rank" type="Label" parent="EndGameScreen/Control/VBoxContainer/LabelRank"]
margin_left = 892.0
margin_right = 912.0
margin_bottom = 51.0
custom_fonts/font = SubResource( 6 )
text = "C"
__meta__ = {
"_edit_use_anchors_": false
}

[node name="NextButton" type="TextureButton" parent="EndGameScreen/Control"]
margin_left = 809.0
margin_top = 455.0
margin_right = 965.0
margin_bottom = 537.0
texture_normal = ExtResource( 19 )
texture_pressed = ExtResource( 20 )
expand = true
stretch_mode = 5
__meta__ = {
"_edit_use_anchors_": false
}

[node name="Label" type="Label" parent="EndGameScreen/Control/NextButton"]
margin_right = 155.0
margin_bottom = 69.0
custom_fonts/font = ExtResource( 10 )
custom_colors/font_color = Color( 0, 0, 0, 1 )
text = "next"
align = 1
valign = 1
__meta__ = {
"_edit_use_anchors_": false
}

[node name="AudioStreamPlayer" type="AudioStreamPlayer" parent="."]
stream = ExtResource( 9 )
autoplay = true

[node name="AnimationPlayer" type="AnimationPlayer" parent="."]
anims/fadein = SubResource( 7 )
