[gd_scene load_steps=39 format=2]

[ext_resource path="res://Assets/menu/back.png" type="Texture" id=1]
[ext_resource path="res://Assets/menu/gold_window.png" type="Texture" id=2]
[ext_resource path="res://shaders/gold.shader" type="Shader" id=3]
[ext_resource path="res://Assets/piece or lowres.png" type="Texture" id=4]
[ext_resource path="res://Assets/font/FFFFORWA.TTF" type="DynamicFontData" id=5]
[ext_resource path="res://menu/GoldLabel.gd" type="Script" id=6]
[ext_resource path="res://menu/Shop.gd" type="Script" id=7]
[ext_resource path="res://menu/Item.tscn" type="PackedScene" id=8]
[ext_resource path="res://shaders/contour.shader" type="Shader" id=9]
[ext_resource path="res://Assets/menu/torch.png" type="Texture" id=10]
[ext_resource path="res://Assets/menu/hourglass.png" type="Texture" id=11]
[ext_resource path="res://Assets/menu/skeleton key.png" type="Texture" id=12]
[ext_resource path="res://Assets/menu/description_box.png" type="Texture" id=13]
[ext_resource path="res://Assets/font/riffic.otf" type="DynamicFontData" id=14]
[ext_resource path="res://menu/Inventaire.gd" type="Script" id=15]
[ext_resource path="res://Assets/Puzzle Game 3.ogg" type="AudioStream" id=16]
[ext_resource path="res://menu/Carte.gd" type="Script" id=17]
[ext_resource path="res://Assets/menu/dungeon.png" type="Texture" id=18]
[ext_resource path="res://Assets/menu/door3.png" type="Texture" id=19]
[ext_resource path="res://Assets/menu/door1.png" type="Texture" id=20]
[ext_resource path="res://Assets/menu/door2.png" type="Texture" id=21]
[ext_resource path="res://Assets/sounds/gui.wav" type="AudioStream" id=22]
[ext_resource path="res://Assets/font/old_pixel-7.ttf" type="DynamicFontData" id=23]

[sub_resource type="ShaderMaterial" id=1]
shader = ExtResource( 3 )
shader_param/thickness = 0.3
shader_param/speed = 0.2
shader_param/color = Color( 1, 0.784314, 0.333333, 1 )

[sub_resource type="DynamicFont" id=2]
size = 40
font_data = ExtResource( 5 )

[sub_resource type="ShaderMaterial" id=3]
resource_local_to_scene = true
shader = ExtResource( 9 )
shader_param/thickness = 1
shader_param/color = Color( 1, 1, 1, 1 )

[sub_resource type="ShaderMaterial" id=4]
resource_local_to_scene = true
shader = ExtResource( 9 )
shader_param/thickness = 1
shader_param/color = Color( 1, 1, 1, 1 )

[sub_resource type="ShaderMaterial" id=5]
resource_local_to_scene = true
shader = ExtResource( 9 )
shader_param/thickness = 1
shader_param/color = Color( 1, 1, 1, 1 )

[sub_resource type="DynamicFont" id=6]
font_data = ExtResource( 14 )

[sub_resource type="DynamicFont" id=7]
size = 14
font_data = ExtResource( 5 )

[sub_resource type="Animation" id=8]
resource_name = "Hover"
loop = true
tracks/0/type = "value"
tracks/0/path = NodePath(".:modulate")
tracks/0/interp = 1
tracks/0/loop_wrap = true
tracks/0/imported = false
tracks/0/enabled = true
tracks/0/keys = {
"times": PoolRealArray( 0, 0.5, 1 ),
"transitions": PoolRealArray( 1, 1, 1 ),
"update": 0,
"values": [ Color( 1, 1, 1, 1 ), Color( 3, 3, 3, 1 ), Color( 1, 1, 1, 1 ) ]
}

[sub_resource type="Animation" id=9]
resource_name = "Normal"
loop = true
tracks/0/type = "value"
tracks/0/path = NodePath(".:modulate")
tracks/0/interp = 1
tracks/0/loop_wrap = true
tracks/0/imported = false
tracks/0/enabled = true
tracks/0/keys = {
"times": PoolRealArray( 0, 1 ),
"transitions": PoolRealArray( 1, 1 ),
"update": 0,
"values": [ Color( 1, 1, 1, 1 ), Color( 1, 1, 1, 1 ) ]
}

[sub_resource type="DynamicFont" id=10]
size = 50
outline_size = 2
outline_color = Color( 0, 0, 0, 1 )
font_data = ExtResource( 23 )

[sub_resource type="Animation" id=11]
loop = true
tracks/0/type = "value"
tracks/0/path = NodePath(".:modulate")
tracks/0/interp = 1
tracks/0/loop_wrap = true
tracks/0/imported = false
tracks/0/enabled = true
tracks/0/keys = {
"times": PoolRealArray( 0, 0.5, 1 ),
"transitions": PoolRealArray( 1, 1, 1 ),
"update": 0,
"values": [ Color( 1, 1, 1, 1 ), Color( 3, 3, 3, 1 ), Color( 1, 1, 1, 1 ) ]
}

[sub_resource type="Animation" id=12]
loop = true
tracks/0/type = "value"
tracks/0/path = NodePath(".:modulate")
tracks/0/interp = 1
tracks/0/loop_wrap = true
tracks/0/imported = false
tracks/0/enabled = true
tracks/0/keys = {
"times": PoolRealArray( 0, 1 ),
"transitions": PoolRealArray( 1, 1 ),
"update": 0,
"values": [ Color( 1, 1, 1, 1 ), Color( 1, 1, 1, 1 ) ]
}

[sub_resource type="Animation" id=13]
loop = true
tracks/0/type = "value"
tracks/0/path = NodePath(".:modulate")
tracks/0/interp = 1
tracks/0/loop_wrap = true
tracks/0/imported = false
tracks/0/enabled = true
tracks/0/keys = {
"times": PoolRealArray( 0, 0.5, 1 ),
"transitions": PoolRealArray( 1, 1, 1 ),
"update": 0,
"values": [ Color( 1, 1, 1, 1 ), Color( 3, 3, 3, 1 ), Color( 1, 1, 1, 1 ) ]
}

[sub_resource type="Animation" id=14]
loop = true
tracks/0/type = "value"
tracks/0/path = NodePath(".:modulate")
tracks/0/interp = 1
tracks/0/loop_wrap = true
tracks/0/imported = false
tracks/0/enabled = true
tracks/0/keys = {
"times": PoolRealArray( 0, 1 ),
"transitions": PoolRealArray( 1, 1 ),
"update": 0,
"values": [ Color( 1, 1, 1, 1 ), Color( 1, 1, 1, 1 ) ]
}

[sub_resource type="DynamicFont" id=15]
size = 23
font_data = ExtResource( 5 )

[node name="Menu" type="Node2D"]

[node name="back" type="Sprite" parent="."]
texture = ExtResource( 1 )
centered = false

[node name="Gold" type="TextureRect" parent="."]
margin_left = 667.0
margin_top = 215.0
margin_right = 899.0
margin_bottom = 289.0
texture = ExtResource( 2 )
expand = true
__meta__ = {
"_edit_group_": true,
"_edit_use_anchors_": false
}

[node name="Gold" type="Control" parent="Gold"]
margin_left = 15.9265
margin_top = 12.5136
margin_right = 215.926
margin_bottom = 52.5136
__meta__ = {
"_edit_use_anchors_": false
}

[node name="GoldTexture" type="TextureRect" parent="Gold/Gold"]
material = SubResource( 1 )
margin_left = 151.8
margin_top = 3.79999
margin_right = 167.8
margin_bottom = 19.8
rect_scale = Vector2( 2.5, 2.5 )
texture = ExtResource( 4 )
__meta__ = {
"_edit_use_anchors_": false
}

[node name="GoldLabel" type="Label" parent="Gold/Gold"]
anchor_right = 1.0
margin_left = -178.561
margin_top = 4.46498
margin_right = -55.5615
margin_bottom = 59.465
custom_fonts/font = SubResource( 2 )
text = "1000"
align = 2
valign = 1
script = ExtResource( 6 )
__meta__ = {
"_edit_use_anchors_": false
}

[node name="Shop" type="Control" parent="."]
margin_left = 52.9556
margin_top = 388.117
margin_right = 92.9556
margin_bottom = 428.117
script = ExtResource( 7 )
__meta__ = {
"_edit_use_anchors_": false
}

[node name="Items" type="VBoxContainer" parent="Shop"]
margin_left = 494.044
margin_top = -91.117
margin_right = 852.044
margin_bottom = 150.883
__meta__ = {
"_edit_use_anchors_": false
}

[node name="Item" parent="Shop/Items" instance=ExtResource( 8 )]
material = SubResource( 3 )
margin_right = 358.0
prix = 200
nameInGlobalSingleton = "torch"

[node name="TextureRect" parent="Shop/Items/Item" index="0"]
margin_right = 351.0

[node name="Description" parent="Shop/Items/Item" index="1"]
margin_right = 351.0
text = "Using this torch while exploring a dungeon will increase your sight radius by 1. The torch is consumed entirely in 10 seconds, so hurry up when you use it !"

[node name="IconNomPrix" parent="Shop/Items/Item" index="2"]
margin_right = 351.0

[node name="Icon" parent="Shop/Items/Item/IconNomPrix/Control/BackgroundIcon" index="0"]
margin_left = 9.00391
margin_top = 9.17865
margin_right = 73.0039
margin_bottom = 73.1786
rect_scale = Vector2( 1, 1 )
texture = ExtResource( 10 )

[node name="Nom" parent="Shop/Items/Item/IconNomPrix" index="1"]
margin_right = 144.0
text = "Torch"

[node name="MarginContainer" parent="Shop/Items/Item/IconNomPrix" index="2"]
margin_left = 148.0
margin_right = 248.0

[node name="Prix" parent="Shop/Items/Item/IconNomPrix" index="3"]
margin_left = 252.0
margin_right = 290.0

[node name="GoldIcon" parent="Shop/Items/Item/IconNomPrix" index="4"]
margin_left = 294.0
margin_right = 344.0

[node name="TextureRect" parent="Shop/Items/Item/IconNomPrix/GoldIcon" index="0"]
margin_left = 4.36115
margin_top = 20.6098
margin_right = 44.3611
margin_bottom = 60.6098

[node name="Item2" parent="Shop/Items" instance=ExtResource( 8 )]
material = SubResource( 4 )
margin_top = 82.0
margin_right = 358.0
margin_bottom = 160.0
prix = 300
nameInGlobalSingleton = "clepsydre"

[node name="TextureRect" parent="Shop/Items/Item2" index="0"]
margin_right = 351.0

[node name="Description" parent="Shop/Items/Item2" index="1"]
margin_right = 351.0
text = "Use this hourglass while exploring the dungeon to add seconds to your timebank. It is consumed use."

[node name="IconNomPrix" parent="Shop/Items/Item2" index="2"]
margin_right = 351.0

[node name="Icon" parent="Shop/Items/Item2/IconNomPrix/Control/BackgroundIcon" index="0"]
margin_left = 9.00397
margin_top = 7.37365
margin_right = 73.004
margin_bottom = 71.3736
rect_scale = Vector2( 1, 1 )
texture = ExtResource( 11 )

[node name="Nom" parent="Shop/Items/Item2/IconNomPrix" index="1"]
margin_right = 197.0
text = "Hourglass"

[node name="MarginContainer" parent="Shop/Items/Item2/IconNomPrix" index="2"]
margin_left = 201.0
margin_right = 248.0

[node name="Prix" parent="Shop/Items/Item2/IconNomPrix" index="3"]
margin_left = 252.0
margin_right = 290.0

[node name="GoldIcon" parent="Shop/Items/Item2/IconNomPrix" index="4"]
margin_left = 294.0
margin_right = 344.0

[node name="TextureRect" parent="Shop/Items/Item2/IconNomPrix/GoldIcon" index="0"]
margin_left = 3.90247
margin_top = 18.61
margin_right = 19.9025
margin_bottom = 34.61

[node name="Item3" parent="Shop/Items" instance=ExtResource( 8 )]
material = SubResource( 5 )
margin_top = 164.0
margin_right = 358.0
margin_bottom = 242.0
prix = 10000
nameInGlobalSingleton = "masterkey"

[node name="TextureRect" parent="Shop/Items/Item3" index="0"]
margin_right = 351.0

[node name="Description" parent="Shop/Items/Item3" index="1"]
text = "A mysterious key. Know one knows what it does. There is a big chance it has no use at all..."

[node name="IconNomPrix" parent="Shop/Items/Item3" index="2"]
margin_right = 351.0

[node name="Icon" parent="Shop/Items/Item3/IconNomPrix/Control/BackgroundIcon" index="0"]
margin_left = 7.19891
margin_top = 10.0811
margin_right = 71.1989
margin_bottom = 74.0811
rect_scale = Vector2( 1, 1 )
texture = ExtResource( 12 )

[node name="Nom" parent="Shop/Items/Item3/IconNomPrix" index="1"]
margin_right = 218.0
text = "Cryptic key"

[node name="MarginContainer" parent="Shop/Items/Item3/IconNomPrix" index="2"]
margin_left = 222.0
margin_right = 248.0

[node name="Prix" parent="Shop/Items/Item3/IconNomPrix" index="3"]
margin_left = 252.0
margin_right = 290.0

[node name="GoldIcon" parent="Shop/Items/Item3/IconNomPrix" index="4"]
margin_left = 294.0
margin_right = 344.0

[node name="TextureRect" parent="Shop/Items/Item3/IconNomPrix/GoldIcon" index="0"]
margin_left = 4.80499
margin_top = 18.6099
margin_right = 20.805
margin_bottom = 34.6099

[node name="Description" type="PanelContainer" parent="Shop"]
self_modulate = Color( 1, 1, 1, 0 )
margin_left = 51.0444
margin_top = -94.117
margin_right = 485.044
margin_bottom = 159.883
__meta__ = {
"_edit_group_": true,
"_edit_use_anchors_": false
}

[node name="TextureRect" type="TextureRect" parent="Shop/Description"]
margin_left = 7.0
margin_top = 7.0
margin_right = 427.0
margin_bottom = 247.0
texture = ExtResource( 13 )

[node name="Control" type="Control" parent="Shop/Description"]
margin_left = 7.0
margin_top = 7.0
margin_right = 427.0
margin_bottom = 247.0

[node name="RichTextLabel" type="RichTextLabel" parent="Shop/Description/Control"]
margin_left = 30.0
margin_top = 26.0
margin_right = 393.0
margin_bottom = 212.0
grow_vertical = 2
custom_fonts/normal_font = SubResource( 6 )
custom_colors/default_color = Color( 1, 1, 1, 1 )
custom_colors/selection_color = Color( 0, 0, 0, 1 )
__meta__ = {
"_edit_use_anchors_": false
}

[node name="Inventaire" type="Control" parent="."]
margin_left = 725.156
margin_top = 44.7151
margin_right = 765.156
margin_bottom = 84.7151
script = ExtResource( 15 )
__meta__ = {
"_edit_use_anchors_": false
}

[node name="description_box" type="Sprite" parent="Inventaire"]
position = Vector2( 92.3619, 75.2831 )
scale = Vector2( 0.506546, 0.460807 )
texture = ExtResource( 13 )

[node name="Label" type="Label" parent="Inventaire"]
modulate = Color( 0, 0, 0, 1 )
margin_left = -41.156
margin_top = 1.2849
margin_right = 226.844
margin_bottom = 21.2849
custom_fonts/font = SubResource( 7 )
custom_colors/font_color = Color( 1, 1, 1, 1 )
text = "Inventory for the next round"
__meta__ = {
"_edit_use_anchors_": false
}

[node name="Panel" type="PanelContainer" parent="Inventaire"]
self_modulate = Color( 0, 0, 0, 0 )
margin_left = -5.87301
margin_top = 33.6959
margin_right = 194.127
margin_bottom = 61.6959
__meta__ = {
"_edit_use_anchors_": false
}

[node name="VBox" type="VBoxContainer" parent="Inventaire/Panel"]
margin_left = 7.0
margin_top = 7.0
margin_right = 193.0
margin_bottom = 21.0

[node name="Cartes" type="Control" parent="."]
margin_left = 161.366
margin_top = 265.985
margin_right = 161.366
margin_bottom = 265.985
mouse_filter = 2
__meta__ = {
"_edit_use_anchors_": false
}

[node name="Carte1" type="Control" parent="Cartes"]
margin_left = 19.3315
margin_top = -77.027
margin_right = 148.331
margin_bottom = 31.973
rect_scale = Vector2( 1.09694, 1.09694 )
script = ExtResource( 17 )
__meta__ = {
"_edit_use_anchors_": false
}
difficulty = "Easy"

[node name="door" type="Sprite" parent="Cartes/Carte1"]
position = Vector2( 50.1555, 48.7839 )
scale = Vector2( 1.00305, 1 )
texture = ExtResource( 20 )

[node name="AnimationPlayer" type="AnimationPlayer" parent="Cartes/Carte1/door"]
anims/Hover = SubResource( 8 )
anims/Normal = SubResource( 9 )

[node name="LastRank" type="Label" parent="Cartes/Carte1"]
margin_left = 56.4114
margin_top = 18.704
margin_right = 98.4114
margin_bottom = 84.704
custom_fonts/font = SubResource( 10 )
custom_colors/font_color = Color( 1, 1, 1, 1 )
text = "A"
__meta__ = {
"_edit_use_anchors_": false
}

[node name="Carte2" type="Control" parent="Cartes"]
anchor_bottom = 1.0
margin_left = 162.0
margin_top = -72.0
margin_right = 255.0
margin_bottom = 39.0
script = ExtResource( 17 )
__meta__ = {
"_edit_use_anchors_": false
}
difficulty = "Medium"

[node name="door" type="Sprite" parent="Cartes/Carte2"]
position = Vector2( 40.6333, 50.6066 )
scale = Vector2( 1.01652, 1 )
texture = ExtResource( 21 )

[node name="AnimationPlayer" type="AnimationPlayer" parent="Cartes/Carte2/door"]
anims/Hover = SubResource( 11 )
anims/Normal = SubResource( 12 )

[node name="LastRank" type="Label" parent="Cartes/Carte2"]
margin_left = 29.3327
margin_top = 27.2383
margin_right = 71.3327
margin_bottom = 93.2383
custom_fonts/font = SubResource( 10 )
custom_colors/font_color = Color( 1, 1, 1, 1 )
text = "A"
__meta__ = {
"_edit_use_anchors_": false
}

[node name="Carte3" type="Control" parent="Cartes"]
margin_left = 265.0
margin_top = -126.0
margin_right = 382.0
margin_bottom = 33.0
script = ExtResource( 17 )
__meta__ = {
"_edit_use_anchors_": false
}
difficulty = "Hard"

[node name="door" type="Sprite" parent="Cartes/Carte3"]
position = Vector2( 55.6008, 77.6075 )
texture = ExtResource( 19 )

[node name="AnimationPlayer" type="AnimationPlayer" parent="Cartes/Carte3/door"]
anims/Hover = SubResource( 13 )
anims/Normal = SubResource( 14 )

[node name="LastRank" type="Label" parent="Cartes/Carte3"]
margin_left = 38.7575
margin_top = 29.1227
margin_right = 80.7575
margin_bottom = 95.1227
custom_fonts/font = SubResource( 10 )
custom_colors/font_color = Color( 1, 1, 1, 1 )
text = "A"
__meta__ = {
"_edit_use_anchors_": false
}

[node name="dungeon" type="Sprite" parent="."]
position = Vector2( 347.597, 182.601 )
texture = ExtResource( 18 )

[node name="ChooseLabel" type="Label" parent="."]
anchor_right = 1.0
anchor_bottom = 1.0
margin_left = 115.63
margin_top = 53.0832
margin_right = 727.63
margin_bottom = 119.083
custom_fonts/font = SubResource( 2 )
text = "Choose the dungeon"
__meta__ = {
"_edit_use_anchors_": false
}

[node name="difficulty" type="Label" parent="."]
anchor_right = 1.0
anchor_bottom = 1.0
margin_left = 62.9989
margin_top = 109.925
margin_right = 674.999
margin_bottom = 175.925
custom_fonts/font = SubResource( 15 )
align = 1
valign = 1
__meta__ = {
"_edit_use_anchors_": false
}

[node name="AudioStreamPlayer" type="AudioStreamPlayer" parent="."]
stream = ExtResource( 16 )
autoplay = true

[node name="GuiSound" type="AudioStreamPlayer" parent="."]
stream = ExtResource( 22 )
volume_db = -10.0

[editable path="Shop/Items/Item"]

[editable path="Shop/Items/Item2"]

[editable path="Shop/Items/Item3"]
